@misc{insa2024microorganismes,
    title = {Modélisation de la croissance des micro-organismes},
    howpublished = {\url{https://umr5558-shiny.univ-lyon1.fr/web/modélisation-de-la-croissance-des-micro-organismes.html}},
    institution = {Université Claude Bernard Lyon 1, INSA Lyon},
    note = {Accédé le 10 mai 2025}
}

@article{strauss2021gauser,
    title = {gauseR: Simple methods for fitting Lotka‐Volterra models describing Gause’s “Struggle for Existence”},
    author = {Strauss, Sharon Y. and Roxburgh, Stephen H. and Gause, Georgy F.},
    journal = {PeerJ},
    volume = {9},
    pages = {e11518},
    publisher = {PeerJ Inc.},
    url = {https://peerj.com/articles/11518/},
    note = {Accédé le 10 mai 2025}
}

@misc{diener_sysdyn12,
  author       = {Diener, Jean-Pierre},
  title        = {Chapitre 3 : Nœuds, cols, foyers et centres},
  url          = {https://math.univ-cotedazur.fr/~diener/sysdyn12/CHAP3.pdf},
  note         = {Accédé le 10 mai 2025},
  institution  = {Université Côte d'Azur},
}

@misc{scikit-image-camera,
  author       = {scikit-image contributors},
  title        = {Camera image from scikit-image data module},
  howpublished = {\url{https://scikit-image.org/docs/0.25.x/api/skimage.data.html}},
  note         = {Accessed: 2025-05-11},
  year         = {2025}
}

@misc{is104-perona,
  author       = {{Équipe pédagogique IS104}},
  title        = {Filtrage de Perona et Malik – Projet 6 : Résolution approchée d'équations différentielles / Modélisation de systèmes dynamiques},
  year         = {2025},
  howpublished = {\url{https://cours-mf.gitlabpages.inria.fr/is104/6-equadiff/2c-perona/}},
  note         = {Consulté le 11 mai 2025},
  institution  = {Inria / ENSEIRB-MATMECA},
  language     = {fr}
}
