@standard{ieee754-2019,
  title        = {IEEE Standard for Floating-Point Arithmetic},
  organization = {IEEE},
  year         = {2019},
  number       = {IEEE Std 754-2019},
  url          = {https://standards.ieee.org/ieee/754/6210/}
}
@misc{usenetMathsFAQ,
  author       = "{Usenet France}",
  title        = "FAQ Mathématiques – Partie 3 : Arithmétique des ordinateurs",
  year         = "2004",
  url          = "http://www.usenet-fr.net/fur/maths/maths-faq-3.html",
  note         = "Consulté le 2 février 2025"
}

@misc{friedli_analyse1,
  author       = "S. Friedli",
  title        = "Analyse 1",
  year         = "2025",
  url          = "https://botafogo.saitis.net/analyse-1/resources/sections/m_series_critere_alterne.html",
  note         = "Consulté le 2 février 2025"
}

@article{volder1959cordic,
  title={{The CORDIC Trigonometric Computing Technique}},
  author={Volder, Jack E.},
  journal={IRE Transactions on Electronic Computers},
  volume={EC-8},
  number={3},
  pages={330--334},
  year={1959},
  publisher={IEEE}
}