@misc{uiuc_fx72150a,
  author       = {Selig, Michael S.},
  title        = {Airfoil Plot for FX 72-150A},
  year         = {2024},
  howpublished = {\url{https://m-selig.ae.illinois.edu/ads/afplots/fx72150a.gif}},
  note         = {Accessed: 2025-04-09},
  institution  = {University of Illinois at Urbana-Champaign, Applied Aerodynamics Group}
}

@misc{WikipediaSchrederHP17,
  author       = "{Wikipedia contributors}",
  title        = "{Schreder HP-17 --- Wikipedia, The Free Encyclopedia}",
  year         = "2011",
  url          = "https://en.wikipedia.org/wiki/Schreder_HP-17",
  note         = "Accessed: 2025-04-19"
}

@book{press1992numerical,
  title     = {Numerical Recipes in C: The Art of Scientific Computing},
  author    = {Press, William H. and Teukolsky, Saul A. and Vetterling, William T. and Flannery, Brian P.},
  year      = {1992},
  edition   = {2},
  publisher = {Cambridge University Press},
  address   = {Cambridge},
  isbn      = {0-521-43108-5},
  url       = {https://www.bibsonomy.org/bibtex/5cb4ce202c20b49a65524efcb293034d}
}
